@inproceedings{CN07876240320110101,
Author = {Cheng, Z. and Caverlee, J. and Lee, K.},
Booktitle = {CIKM - INTERNATIONAL CONFERENCE},
Edition = {2},
Pages = {759 - 768},
Series = {ACM conference on information and knowledge management},
Title = {You Are Where You Tweet: A Content-Based Approach to Geo-Locating Twitter Users.},
Volume = {2},
URL = {https://ezp.lib.unimelb.edu.au/login?url=https://search.ebscohost.com/login.aspx?direct=true&db=edsbl&AN=CN078762403&scope=site},
Year = {2011},
}

@inproceedings{scott1999feature,
  title={Feature engineering for text classification},
  author={Scott, Sam and Matwin, Stan}
}

@inproceedings{han2011lexical,
  title={Lexical normalisation of short text messages: Makn sens a\# twitter},
  author={Han, Bo and Baldwin, Timothy},
  booktitle={Proceedings of the 49th Annual Meeting of the Association for Computational Linguistics: Human Language Technologies-Volume 1},
  pages={368--378},
  year={2011},
  organization={Association for Computational Linguistics}
}

@inproceedings{bontcheva2013twitie,
  title={TwitIE: An Open-Source Information Extraction Pipeline for Microblog Text.},
  author={Bontcheva, Kalina and Derczynski, Leon and Funk, Adam and Greenwood, Mark A and Maynard, Diana and Aswani, Niraj},
  booktitle={RANLP},
  pages={83--90},
  year={2013}
}

